@misc{Ed,
  title        = {Empreinte Digitale},
  howpublished = {\url{https://empreintedigitale.fr/}},
  note         = {site vitrine d'Empreinte Digitale}
}

@misc{Wikipedia,
  title        = {Wikipédia},
  howpublished = {\url{https://fr.wikipedia.org/wiki/Accueil}},
  note         = {encyclopédie libre},
}

@misc{Sharepoint,
  title        = {Sharepoint},
  howpublished = {\url{https://reseaueseo.sharepoint.com/sites/etu/}},
  note         = {ressources pour les étudiants de l'ESEO},
}

@misc{Dockerhub,
  title       = {Docker Hub},
  howpublished = {\url{https://hub.docker.com/}},
  note         = {dépôt publique d'images Docker},
}

@misc{Github,
  title        = {GitHub},
  howpublished = {\url{https://github.com/}},
  note         = {dépôt de code source},
}

@misc{GitLab,
  title        = {GitLab},
  howpublished = {\url{https://git.vtech.fr/}},
  note         = {dépôt de code source},
}

@misc{Ligeo,
  title        = {Ligeo},
  howpublished = {\url{https://www.ligeo-archives.com/}},
  note         = {site vitrine du produit Ligeo Archive},
}

@misc{Scop,
  title        = {SCOP},
  howpublished = {\url{https://www.les-scop.coop/les-scop}},
  note         = {site vitrine du mouvement SCOP},
}

@misc{Lucie,
  title        = {Label Lucie},
  howpublished = {\url{https://www.labellucie.com/}},
  note         = {site vitrine du label Lucie},
}

@misc{Design4Green,
  title        = {Design4Green},
  howpublished = {\url{https://design4green.org/}},
  note         = {site vitrine du Design4Green},
}

@misc{Stratosfair,
  title        = {Stratosfair},
  howpublished = {\url{https://stratosfair.com/}},
  note         = {site vitrine de Stratosfair},
}

@misc{Proxmox,
  title        = {Proxmox},
  howpublished = {\url{https://pve.proxmox.com/pve-docs/index.html}},
  note         = {documentation de Proxmox},
}

@misc{Terraform,
  title        = {Terraform},
  howpublished = {\url{https://www.terraform.io/docs}},
  note         = {documentation de Terraform},
}

@misc{Ansible,
  title        = {Ansible},
  howpublished = {\url{https://docs.ansible.com/}},
  note         = {documentation d'Ansible},
}

@misc{Stackoverflow,
  title        = {Stackoverflow},
  howpublished = {\url{https://stackoverflow.com/}},
  note         = {site d'entre-aide pour développeurs},
}

@misc{ANSSI,
  title        = {ANSSI},
  howpublished = {\url{https://www.ssi.gouv.fr/entreprise/bonnes-pratiques/}},
  note         = {regroupement des bonnes pratiques pour les entreprises dans l'usage du numérique},
}

@misc{Ocsinventory,
  title        = {OCSinventory},
  howpublished = {\url{https://wiki.ocsinventory-ng.org/}},
  note         = {documentation d'OCSinventory},
}

@misc{GLPI,
  title        = {GLPI},
  howpublished = {\url{https://glpi-install.readthedocs.io/en/latest/}},
  note         = {documentation de GLPI},
}

@misc{FusionInventory,
  title        = {FusionInventory},
  howpublished = {\url{http://fusioninventory.org/}},
  note         = {site vitre de FusionInventory},
}

@misc{CMDB,
  title        = {Ansible CMDB},
  howpublished = {\url{https://blog.stephane-robert.info/post/ansible-cmdb/}},
  note         = {tutorial d'utilisation d'Ansible CMDB},
  author       = {Stephane Robert},
}

@misc{Escalidraw,
  title        = {Escalidraw},
  howpublished = {\url{https://excalidraw.com/}},
  note         = {application de création de diagramme sous forme de dessin},
}

@misc{OpenSCAP,
  title        = {OpenSCAP},
  howpublished = {\url{https://www.open-scap.org/}},
  note         = {site vitrine d'OpenSCAP},
}

@misc{deb_archives,
  title        = {Wiki Ubuntu},
  howpublished = {\url{https://doc.ubuntu-fr.org/tutoriel/creation_deb}},
  note         = {création d'un paquet deb à partir d'une archive},
}

@misc{Wikijs,
  title        = {Wikijs},
  howpublished = {\url{https://docs.requarks.io/}},
  note         = {documentation de Wikijs},
}

@misc{Nextcloud,
  title        = {Nextcloud},
  howpublished = {\url{https://docs.nextcloud.com/}},
  note         = {documentation de Nextcloud},
}

@misc{AWX,
  title        = {AWX},
  howpublished = {\url{https://docs.ansible.com/ansible/latest/collections/awx/awx/index.html}},
  note         = {documentation d'AWX},
}

@misc{Ceph,
  title        = {Ceph},
  howpublished = {\url{https://docs.ceph.com/en/quincy/}},
  note         = {documentation de Ceph},
}

@misc{Scaleway,
  title        = {Scaleway},
  howpublished = {\url{https://blog.scaleway.com/fr/comprendre-les-differents-types-de-stockage/}},
  note         = {comprendre les différentes types de stockage},
}

@misc{Kubespray,
  title        = {Kubespray},
  howpublished = {\url{https://github.com/kubernetes-sigs/kubespray/}},
  note         = {ressource de l'outil kubespray},
}

@misc{Haproxy,
  title        = {Haproxy},
  howpublished = {\url{https://www.haproxy.com/documentation/hapee/latest/onepage/}},
  note         = {documentation de Haproxy},
}

@book{book,
  author         = {José Dordoigne},
  editor         = {Eni},
  title          = {Réseau informatique - Notions fondamentales},
  year           = {2022}
}

@misc{NFS,
  title        = {NFS},
  howpublished = {\url{https://docs.outscale.com/fr/userguide/Mettre-en-place-un-serveur-NFS.html}},
  note         = {mettre en place un stockage NFS},
}

@misc{Ingress,
  title        = {Ingress Controller Nginx},
  howpublished = {\url{https://docs.nginx.com/nginx-ingress-controller/}},
  note         = {mettre en place un Ingress Controller Nginx},
}

@misc{K9s,
  title        = {K9s},
  howpublished = {\url{https://github.com/derailed/k9s}},
  note         = {code source de k9s},
}
